@article{chen2021operatorgrowth,
   title={Operator Growth Bounds from Graph Theory},
   volume={385},
   ISSN={1432-0916},
   url={http://dx.doi.org/10.1007/s00220-021-04151-6},
   DOI={10.1007/s00220-021-04151-6},
   number={3},
   journal={Communications in Mathematical Physics},
   publisher={Springer Science and Business Media LLC},
   author={Chen, Chi-Fang and Lucas, Andrew},
   year={2021},
   month=jul, pages={1273–1323} }


@misc{chen2021otoc,
      title={Concentration of OTOC and Lieb-Robinson Velocity in Random Hamiltonians}, 
      author={Chi-Fang Chen},
      year={2021},
      eprint={2103.09186},
      archivePrefix={arXiv},
      primaryClass={quant-ph}
}

@misc{huang2020matrix,
      title={Matrix Concentration for Products}, 
      author={De Huang and Jonathan Niles-Weed and Joel A. Tropp and Rachel Ward},
      year={2020},
      eprint={2003.05437},
      archivePrefix={arXiv},
      primaryClass={math.PR}
}

@article{tropp2011user,
   title={User-Friendly Tail Bounds for Sums of Random Matrices},
   volume={12},
   ISSN={1615-3383},
   url={http://dx.doi.org/10.1007/s10208-011-9099-z},
   DOI={10.1007/s10208-011-9099-z},
   number={4},
   journal={Foundations of Computational Mathematics},
   publisher={Springer Science and Business Media LLC},
   author={Tropp, Joel A.},
   year={2011},
   month=aug, pages={389–434} }

@book{bharucha1972random,
  title={Random Integral Equations},
  author={Bharucha-Reid, A.T.},
  isbn={9780120957507},
  lccn={72077332},
  series={Mathematics in Science and Engineering: A series of Monographs and Textbooks},
  url={https://books.google.de/books?id=SK-mAAAAIAAJ},
  year={1972},
  publisher={Academic Press}
}

@misc{tropp2015introduction,
      title={An Introduction to Matrix Concentration Inequalities}, 
      author={Joel A. Tropp},
      year={2015},
      eprint={1501.01571},
      archivePrefix={arXiv},
      primaryClass={math.PR}
}

@book{ledoux1991probability,
  title={Probability in Banach Spaces: Isoperimetry and Processes},
  author={Ledoux, M. and Talagrand, M.},
  isbn={9783540520139},
  lccn={lc91010765},
  series={A Series of Modern Surveys in Mathematics Series},
  url={https://books.google.de/books?id=cyKYDfvxRjsC},
  year={1991},
  publisher={Springer}
}

@misc{naor2010banach,
      title={On the Banach Space Valued Azuma Inequality and Small Set Isoperimetry of Alon-Roichman Graphs}, 
      author={Assaf Naor},
      year={2010},
      eprint={1009.5695},
      archivePrefix={arXiv},
      primaryClass={math.CO}
}

@article{chen2021product,
   title={Concentration for Random Product Formulas},
   volume={2},
   ISSN={2691-3399},
   url={http://dx.doi.org/10.1103/PRXQuantum.2.040305},
   DOI={10.1103/prxquantum.2.040305},
   number={4},
   journal={PRX Quantum},
   publisher={American Physical Society (APS)},
   author={Chen, Chi-Fang and Huang, Hsin-Yuan and Kueng, Richard and Tropp, Joel A.},
   year={2021},
   month=oct }

@article{lieb1973concav,
title = {Convex trace functions and the Wigner-Yanase-Dyson conjecture},
journal = {Advances in Mathematics},
volume = {11},
number = {3},
pages = {267-288},
year = {1973},
issn = {0001-8708},
doi = {https://doi.org/10.1016/0001-8708(73)90011-X},
url = {https://www.sciencedirect.com/science/article/pii/000187087390011X},
author = {Elliott H Lieb},
}



@article{lieb1994smooth2,
title = "Sharp uniform convexity and smoothness inequalities for trace norms",
abstract = "We prove several sharp inequalities specifying the uniform convexity and uniform smoothness properties of the Schatten trace ideals Cp, which are the analogs of the Lebesgue spaces Lp in non-commutative integration. The inequalities are all precise analogs of results which had been known in Lp, but were only known in Cp for special values of p. In the course of our treatment of uniform convexity and smoothness inequalities for Cp we obtain new and simple proofs of the known inequalities for Lp.",
author = "Keith Ball and Carlen, {Eric A.} and Lieb, {Elliott H.}",
year = "1994",
month = dec,
day = "1",
doi = "10.1007/BF01231769",
language = "English (US)",
volume = "115",
pages = "463--482",
journal = "Inventiones Mathematicae",
issn = "0020-9910",
publisher = "Springer New York",
number = "1",
}

@article{lemm2022lower,
   title={Quantitative Lower Bounds on the Lyapunov Exponent from Multivariate Matrix Inequalities},
   volume={12},
   ISSN={1664-235X},
   url={http://dx.doi.org/10.1007/s13324-021-00641-x},
   DOI={10.1007/s13324-021-00641-x},
   number={1},
   journal={Analysis and Mathematical Physics},
   publisher={Springer Science and Business Media LLC},
   author={Lemm, Marius and Sutter, David},
   year={2022},
   month=jan,
}


@article{sutter2021entropy,
   title={Bounds on Lyapunov Exponents via Entropy Accumulation},
   volume={67},
   ISSN={1557-9654},
   url={http://dx.doi.org/10.1109/TIT.2020.3026959},
   DOI={10.1109/tit.2020.3026959},
   number={1},
   journal={IEEE Transactions on Information Theory},
   publisher={Institute of Electrical and Electronics Engineers (IEEE)},
   author={Sutter, David and Fawzi, Omar and Renner, Renato},
   year={2021},
   month=jan, pages={10–24} }

@article{golden1965ineq,
  title = {Lower Bounds for the Helmholtz Function},
  author = {Golden, Sidney},
  journal = {Phys. Rev.},
  volume = {137},
  issue = {4B},
  pages = {B1127--B1128},
  numpages = {0},
  year = {1965},
  month = {Feb},
  publisher = {American Physical Society},
  doi = {10.1103/PhysRev.137.B1127},
  url = {https://link.aps.org/doi/10.1103/PhysRev.137.B1127}
}

@article{thompson1965ineq,
  title={Inequality with Applications in Statistical Mechanics},
  author={C. J. Thompson},
  journal={Journal of Mathematical Physics},
  year={1965},
  volume={6},
  pages={1812-1813},
  url={https://api.semanticscholar.org/CorpusID:124742857}
}

@article{nikoufar2013concav,
title = {The simplest proof of Lieb concavity theorem},
journal = {Advances in Mathematics},
volume = {248},
pages = {531-533},
year = {2013},
issn = {0001-8708},
doi = {https://doi.org/10.1016/j.aim.2013.07.019},
url = {https://www.sciencedirect.com/science/article/pii/S0001870813003010},
author = {Ismail Nikoufar and Ali Ebadian and Madjid {Eshaghi Gordji}},
keywords = {Perspective function, Generalized perspective function, Matrix convex function},
abstract = {In this paper, by applying jointly concavity and jointly convexity of generalized perspective of some elementary functions, we give the simplest proof of the well-known Lieb concavity theorem and Ando convexity theorem.}
}

@misc{tropp2011freedman,
      title={Freedman's inequality for matrix martingales}, 
      author={Joel A. Tropp},
      year={2011},
      eprint={1101.3039},
      archivePrefix={arXiv},
      primaryClass={math.PR}
}

@misc{pinelis2012freedman,
      title={Optimum bounds for the distributions of martingales in Banach spaces}, 
      author={Iosif Pinelis},
      year={2012},
      eprint={1208.2200},
      archivePrefix={arXiv},
      primaryClass={math.PR}
}
